<?xml version="1.0" encoding="UTF-8"?><record xmlns="http://www.loc.gov/MARC21/slim" xmlns:cinclude="http://apache.org/cocoon/include/1.0" xmlns:zs="http://www.loc.gov/zing/srw/">
  <leader>00402cz  a2200121n  4500</leader>
  <controlfield tag="001">n  79143321 </controlfield>
  <controlfield tag="003">DLC</controlfield>
  <controlfield tag="005">19980710054050.1</controlfield>
  <controlfield tag="008">791213n| acannaab|          |n aaa      </controlfield>
  <datafield tag="010" ind1=" " ind2=" ">
    <subfield code="a">n  79143321 </subfield>
  </datafield>
  <datafield tag="040" ind1=" " ind2=" ">
    <subfield code="a">DLC</subfield>
    <subfield code="c">DLC</subfield>
    <subfield code="d">Uk</subfield>
  </datafield>
  <datafield tag="100" ind1="1" ind2="0">
    <subfield code="a">Dunbar, Pamela</subfield>
  </datafield>
  <datafield tag="670" ind1=" " ind2=" ">
    <subfield code="a">Her William Blake's illustrations to the poetry of Milton, 1980:</subfield>
    <subfield code="b">CIP galley t.p. (Pamela Dunbar) CIP data sheet (lectr. in Eng., Univ. of Warwick)</subfield>
  </datafield>
</record>